<marc:record xmlns:marc="http://www.loc.gov/MARC21/slim" xmlns:xsi="http://www.w3.org/2001/XMLSchema-instance" xsi:schemaLocation="http://www.loc.gov/MARC21/slim http://www.loc.gov/standards/marcxml/schema/MARC21slim.xsd">
  <marc:leader>     cam a2200325 a 4500</marc:leader>
  <marc:controlfield tag="001">002177858</marc:controlfield>
  <marc:controlfield tag="003">NNU</marc:controlfield>
  <marc:controlfield tag="005">20061010172330.0</marc:controlfield>
  <marc:controlfield tag="008">930914r19661903iq       b    001 0 ara  </marc:controlfield>
  <marc:datafield tag="035" ind1="9" ind2=" ">
    <marc:subfield code="a">NYUb11210251</marc:subfield>
  </marc:datafield>
  <marc:datafield tag="035" ind1=" " ind2=" ">
    <marc:subfield code="a">(CStRLIN)NYUG93-B43607</marc:subfield>
  </marc:datafield>
  <marc:datafield tag="040" ind1=" " ind2=" ">
    <marc:subfield code="a">CU-SB</marc:subfield>
    <marc:subfield code="c">CU-SB</marc:subfield>
    <marc:subfield code="d">NNU</marc:subfield>
  </marc:datafield>
  <marc:datafield tag="041" ind1=" " ind2=" ">
    <marc:subfield code="a">ara</marc:subfield>
    <marc:subfield code="b">ger</marc:subfield>
  </marc:datafield>
  <marc:datafield tag="066" ind1=" " ind2=" ">
    <marc:subfield code="c">(3</marc:subfield>
  </marc:datafield>
  <marc:datafield tag="090" ind1=" " ind2=" ">
    <marc:subfield code="a">PJ7700.R8</marc:subfield>
    <marc:subfield code="b">A17 1966</marc:subfield>
  </marc:datafield>
  <marc:datafield tag="100" ind1="0" ind2=" ">
    <marc:subfield code="a">Ruʼbah ibn al-ʻAjjāj,</marc:subfield>
    <marc:subfield code="d">d. 762?</marc:subfield>
    <marc:subfield code="6">01</marc:subfield>
  </marc:datafield>
  <marc:datafield tag="100" ind1="0" ind2=" ">
    <marc:subfield code="6">01</marc:subfield>
    <marc:subfield code="a">رؤبة بن العجاج.</marc:subfield>
  </marc:datafield>
  <marc:datafield tag="240" ind1="1" ind2="0">
    <marc:subfield code="a">Poems</marc:subfield>
  </marc:datafield>
  <marc:datafield tag="245" ind1="1" ind2="0">
    <marc:subfield code="6">02</marc:subfield>
    <marc:subfield code="a">Majmūʻ ashʻār al-ʻArab, wa-huwa mushtamil ʻalá Dīwān Ruʼbah ibn al-ʻAjjāj :</marc:subfield>
    <marc:subfield code="b">wa-ʻalá abyāt mufradāt mansūbah ilayhi /</marc:subfield>
    <marc:subfield code="c">iʻtaná bi-taṣḥīḥihi wa-tartībihi Wilyam ibn Alward "al-Burūsī".</marc:subfield>
  </marc:datafield>
  <marc:datafield tag="245" ind1="1" ind2="0">
    <marc:subfield code="6">02</marc:subfield>
    <marc:subfield code="a">مجموع اشعار العرب، وهو مشتمل على ديوان ربة بن العجاج :</marc:subfield>
    <marc:subfield code="b">وعلى ابيات مفردات منسوبة اليه /</marc:subfield>
    <marc:subfield code="c">اعتنى بتصحيح وترتيبه وليم بن الورد "البروسي".</marc:subfield>
  </marc:datafield>
  <marc:datafield tag="260" ind1=" " ind2=" ">
    <marc:subfield code="6">03</marc:subfield>
    <marc:subfield code="a">Baghdād :</marc:subfield>
    <marc:subfield code="b">yuṭlabu min Maktabat al-Muthanná,</marc:subfield>
    <marc:subfield code="c">[1966?]</marc:subfield>
  </marc:datafield>
  <marc:datafield tag="260" ind1=" " ind2=" ">
    <marc:subfield code="6">03</marc:subfield>
    <marc:subfield code="a">بغداد :</marc:subfield>
    <marc:subfield code="b">يطلب من مكتبة المثنى،</marc:subfield>
    <marc:subfield code="c">[1966?]</marc:subfield>
  </marc:datafield>
  <marc:datafield tag="300" ind1=" " ind2=" ">
    <marc:subfield code="a">191, 122, cxii ;</marc:subfield>
    <marc:subfield code="c">25 cm.</marc:subfield>
  </marc:datafield>
  <marc:datafield tag="500" ind1=" " ind2=" ">
    <marc:subfield code="a">Introd. and notes in German.</marc:subfield>
  </marc:datafield>
  <marc:datafield tag="500" ind1=" " ind2=" ">
    <marc:subfield code="a">Title on added t.p.: Sammlungen alter arabischer Dichter, Der Dīwān des Reḡezdichters Rūba ben elA̓ḡḡāḡ.</marc:subfield>
  </marc:datafield>
  <marc:datafield tag="534" ind1=" " ind2=" ">
    <marc:subfield code="p">Originally published:</marc:subfield>
    <marc:subfield code="c">Berlin : Reuther &amp; Reichard, 1903.</marc:subfield>
  </marc:datafield>
  <marc:datafield tag="700" ind1="1" ind2=" ">
    <marc:subfield code="a">Ahlwardt, W.</marc:subfield>
    <marc:subfield code="q">(Wilhelm),</marc:subfield>
    <marc:subfield code="d">1828-1909.</marc:subfield>
  </marc:datafield>
  <marc:datafield tag="740" ind1="0" ind2=" ">
    <marc:subfield code="a">Dīwān Ruʼbah ibn al-ʻAjjāj.</marc:subfield>
  </marc:datafield>
  <marc:datafield tag="740" ind1="0" ind2=" ">
    <marc:subfield code="a">Sammlungen alter arabischer Dichter.</marc:subfield>
  </marc:datafield>
  <marc:datafield tag="740" ind1="0" ind2=" ">
    <marc:subfield code="a">Dīwān des Reḡezdichters Rūba ben elA̓ḡḡāḡ.</marc:subfield>
  </marc:datafield>
  <marc:datafield tag="998" ind1=" " ind2=" ">
    <marc:subfield code="a">19940923</marc:subfield>
    <marc:subfield code="d">19930914</marc:subfield>
    <marc:subfield code="d">20001116</marc:subfield>
    <marc:subfield code="n">NNU</marc:subfield>
    <marc:subfield code="s">1</marc:subfield>
    <marc:subfield code="t">c</marc:subfield>
    <marc:subfield code="z">e</marc:subfield>
  </marc:datafield>
</marc:record>
